%% ============================================================================
%%
%%  Part A / PhD Progress Report
%%
%%  Author: Jakob RÃ¸rsted Mosumgaard
%%
%%  Bibliography for manual entries
%% ============================================================================

@BOOK{kww,
    author = {{Kippenhahn}, R. and {Weigert}, A. and {Weiss}, A.},
    title = "{Stellar Structure and Evolution}",
    publisher = "Springer",
    edition = {Second Edition},
    year = 2012,
}
