%%%%%%%%%%%%%%%%%%%%%%%%%%%%%%%%%%%%%%%%%%%%
%%           Videnskabsteori              %%
%%      (c) Jakob RÃ¸rsted Mosumgaard      %%
%%                                        %%
%%             Bibliografi                %%
%%%%%%%%%%%%%%%%%%%%%%%%%%%%%%%%%%%%%%%%%%%%

@BOOK{asteroseismology,
    author = {{Aerts}, C. and {Christensen-Dalsgaard}, J. and
             {Kurtz}, D.~W.},
    title = "{Asteroseismology}",
    series = "Astronomy and Astrophysics Library",
    publisher = "Springer Science+Business Media",
    year = 2010,
}
