%%%%%%%%%%%%%%%%%%%%%%%%%%%%%%%%%%%%%%%%%%%%%%%
%%                  Speciale                 %%
%%           (c) FORNAVN EFTERNAVN           %%
%%                                           %%
%%                Bibliografi                %%
%%%%%%%%%%%%%%%%%%%%%%%%%%%%%%%%%%%%%%%%%%%%%%%


@ARTICLE{cortes,
    author = {{Cort\' es}, V. and {Dyckmanns}, M. and {Lindemann}, D.},
    title = "{Classification of Complete Projective Special Real Surfaces}",
    journal = "Proc. London Math. Soc.",
    year = 2014,
    volume = 109,
    issue = 3,
    pages = {423-445}
}